@article{Ashtekar2006,
  author = {Ashtekar, A. and Pawlowski, T. and Singh, P.},
  title = {Quantum Nature of the Big Bang: Improved dynamics},
  journal = {Phys. Rev. D},
  volume = {74},
  pages = {084003},
  year = {2006},
  doi = {10.1103/PhysRevD.74.084003}
}

@article{Bojowald2001,
  author = {Bojowald, M.},
  title = {Absence of Singularity in Loop Quantum Cosmology},
  journal = {Phys. Rev. Lett.},
  volume = {86},
  pages = {5227},
  year = {2001},
  doi = {10.1103/PhysRevLett.86.5227}
}

@article{Steinhardt2002,
  author = {Steinhardt, P. J. and Turok, N.},
  title = {A Cyclic Model of the Universe},
  journal = {Science},
  volume = {296},
  pages = {1436--1439},
  year = {2002},
  doi = {10.1126/science.1070462}
}

@book{Penrose2010,
  author = {Penrose, R.},
  title = {Cycles of Time: An Extraordinary New View of the Universe},
  publisher = {Bodley Head},
  year = {2010},
  isbn = {978-0224080361}
}

@article{Hartle1983,
  author = {Hartle, J. B. and Hawking, S. W.},
  title = {Wave Function of the Universe},
  journal = {Phys. Rev. D},
  volume = {28},
  pages = {2960--2975},
  year = {1983},
  doi = {10.1103/PhysRevD.28.2960}
}

@book{Rovelli2017,
  author = {Rovelli, C.},
  title = {Reality Is Not What It Seems: The Journey to Quantum Gravity},
  publisher = {Penguin Books},
  year = {2017},
  isbn = {978-0735213920}
}
